@inproceedings{efros1999texture,
  title={Texture synthesis by non-parametric sampling},
  author={Efros, Alexei A and Leung, Thomas K},
  booktitle={Proceedings of the seventh IEEE international conference on computer vision},
  volume={2},
  pages={1033--1038},
  year={1999},
  organization={IEEE}
}

@article{barnes2009patchmatch,
  title={PatchMatch: A randomized correspondence algorithm for structural image editing},
  author={Barnes, Connelly and Shechtman, Eli and Finkelstein, Adam and Goldman, Dan B},
  journal={ACM Trans. Graph.},
  volume={28},
  number={3},
  pages={24},
  year={2009}
}

@inproceedings{ashikhmin2001synthesizing,
  title={Synthesizing natural textures},
  author={Ashikhmin, Michael},
  booktitle={Proceedings of the 2001 symposium on Interactive 3D graphics},
  pages={217--226},
  year={2001}
}

@article{criminisi2004region,
  title={Region filling and object removal by exemplar-based image inpainting},
  author={Criminisi, Antonio and P{\'e}rez, Patrick and Toyama, Kentaro},
  journal={IEEE Transactions on image processing},
  volume={13},
  number={9},
  pages={1200--1212},
  year={2004},
  publisher={IEEE}
}